@inproceedings{lee2013local,
  title={Local Low-Rank Matrix Approximation},
  author={Lee, Joonseok and Kim, Seungyeon and Lebanon, Guy and Singer, Yoram},
  booktitle={International Conference on Machine Learning},
  pages={82--90},
  year={2013},
  organization={PMLR}
}

@article{indyk2019learning,
  title={Learning-based low-rank approximations},
  author={Indyk, Piotr and Vakilian, Ali and Yuan, Yang},
  journal={Advances in Neural Information Processing Systems},
  volume={32},
  year={2019}
}

@inproceedings{pal2023online,
  title={Online Low Rank Matrix Completion},
  author={Soumyabrata Pal and Prateek Jain},
  booktitle={The Eleventh International Conference on Learning Representations },
  year={2023},
  url={https://openreview.net/forum?id=47KG_AvNqeZ}
}

@article{chiang2018using,
  title={Using side information to reliably learn low-rank matrices from missing and corrupted observations},
  author={Chiang, Kai-Yang and Dhillon, Inderjit S and Hsieh, Cho-Jui},
  journal={The Journal of Machine Learning Research},
  volume={19},
  number={1},
  pages={3005--3039},
  year={2018},
  publisher={JMLR. org}
}




@article{jun2019bilinear,
  title={Bilinear Bandits with Low-Rank Structure},
  author={Jun, KS and Willett, R and Nowak, R and Wright, S},
  journal={Proceedings of Machine Learning Research},
  volume={97},
  year={2019}
}


@article{tong2021accelerating,
  title={Accelerating ill-conditioned low-rank matrix estimation via scaled gradient descent},
  author={Tong, Tian and Ma, Cong and Chi, Yuejie},
  journal={The Journal of Machine Learning Research},
  volume={22},
  number={1},
  pages={6639--6701},
  year={2021},
  publisher={JMLRORG}
}

@book{horn2012matrix,
  title={Matrix analysis},
  author={Horn, Roger A and Johnson, Charles R},
  year={2012},
  publisher={Cambridge university press}
}


@article{overview_2016,
  title={An overview of low-rank matrix recovery from incomplete observations},
  author={Davenport, Mark A and Romberg, Justin},
  journal={IEEE Journal of Selected Topics in Signal Processing},
  volume={10},
  number={4},
  pages={608--622},
  year={2016},
  publisher={IEEE}
}


@article{WNNM_NonDescent_2016,
  title={On the Convex Geometry of Weighted Nuclear Norm Minimization},
  author={Hosseini, Seyedroohollah},
  journal={arXiv preprint arXiv:1609.05944},
  year={2016}
}

@inproceedings{LRMM_APP_ML_ICML2007,
  title={Uncovering shared structures in multiclass classification},
  author={Amit, Yonatan and Fink, Michael and Srebro, Nathan and Ullman, Shimon},
  booktitle={Proceedings of the 24th international conference on Machine learning},
  pages={17--24},
  year={2007}
}

@article{KLForPGD_2018,
  title={Alternating structure-adapted proximal gradient descent for nonconvex block-regularised problems},
  author={Nikolova, Mila and Tan, Pauline},
  year={2018}
}

@article{LRMM_APP2QoSDATA_IEEE2017,
  title={Incorporation of efficient second-order solvers into latent factor models for accurate prediction of missing QoS data},
  author={Luo, Xin and Zhou, MengChu and Li, Shuai and Xia, Yunni and You, Zhu-Hong and Zhu, QingSheng and Leung, Hareton},
  journal={IEEE transactions on cybernetics},
  volume={48},
  number={4},
  pages={1216--1228},
  year={2017},
  publisher={IEEE}
}

@article{LRMR_APP2ImgProcess_SP2020,
  title={Design strategy of thresholding operator for low-rank matrix recovery problem},
  author={Zhao, Fujun and Peng, Jigen and Cui, Angang},
  journal={Signal Processing},
  volume={171},
  pages={107510},
  year={2020},
  publisher={Elsevier}
}

@article{NonNon_AdaIRWM_zhang_wang_2021,
  title={Nonconvex and nonsmooth sparse optimization via adaptively iterative reweighted methods},
  author={Wang, Hao and Zhang, Fan and Shi, Yuanming and Hu, Yaohua},
  journal={Journal of Global Optimization},
  volume={81},
  pages={717--748},
  year={2021},
  publisher={Springer}
}

@article{LRM_Rex2_Non_IRWA_2012,
  title={Iterative reweighted algorithms for matrix rank minimization},
  author={Mohan, Karthik and Fazel, Maryam},
  journal={The Journal of Machine Learning Research},
  volume={13},
  number={1},
  pages={3441--3473},
  year={2012},
  publisher={JMLR. org}
}


@article{LRMR_APP2ImgProcess_TIP2014,
  title={Robust image restoration via adaptive low-rank approximation and joint kernel regression},
  author={Huang, Chen and Ding, Xiaoqing and Fang, Chi and Wen, Di},
  journal={IEEE Transactions on Image Processing},
  volume={23},
  number={12},
  pages={5284--5297},
  year={2014},
  publisher={IEEE}
}


@InProceedings{2014_EX_phase_retrieval,
  title = 	 {Learning without concentration},
  author = 	 {Mendelson, Shahar},
  booktitle = 	 {Proceedings of The 27th Conference on Learning Theory},
  pages = 	 {25--39},
  year = 	 {2014},
  editor = 	 {Balcan, Maria Florina and Feldman, Vitaly and Szepesv√°ri, Csaba},
  volume = 	 {35},
  series = 	 {Proceedings of Machine Learning Research},
  address = 	 {Barcelona, Spain},
  month = 	 {13--15 Jun},
  publisher =    {PMLR},
  pdf = 	 {http://proceedings.mlr.press/v35/mendelson14.pdf},
  url = 	 {https://proceedings.mlr.press/v35/mendelson14.html}
}

@article{EX_LR_phase-retrieval_2017,
  title={Low-rank phase retrieval},
  author={Vaswani, Namrata and Nayer, Seyedehsara and Eldar, Yonina C},
  journal={IEEE Transactions on Signal Processing},
  volume={65},
  number={15},
  pages={4059--4074},
  year={2017},
  publisher={IEEE}
}

@article{EX_LMP_Control_2019,
  title={Reduced-order control using low-rank dynamic mode decomposition},
  author={Sashittal, Palash and Bodony, Daniel J},
  journal={Theoretical and Computational Fluid Dynamics},
  volume={33},
  number={6},
  pages={603--623},
  year={2019},
  publisher={Springer}
}

@article{EX_LRMR_system_identification_2009,
  title={Interior-point method for nuclear norm approximation with application to system identification},
  author={Liu, Zhang and Vandenberghe, Lieven},
  journal={SIAM Journal on Matrix Analysis and Applications},
  volume={31},
  number={3},
  pages={1235--1256},
  year={2010},
  publisher={SIAM}
}

@article{EX_LRMR_CovarianceEstimation1_CP_2015,
  title={Exact and stable covariance estimation from quadratic sampling via convex programming},
  author={Chen, Yuxin and Chi, Yuejie and Goldsmith, Andrea J},
  journal={IEEE Transactions on Information Theory},
  volume={61},
  number={7},
  pages={4034--4059},
  year={2015},
  publisher={IEEE}
}
@article{EX_LRMR_CovarianceEstimation2_2019,
  title={Low-rank structured covariance matrix estimation},
  author={Shikhaliev, Azer P and Potter, Lee C and Chi, Yuejie},
  journal={IEEE Signal Processing Letters},
  volume={26},
  number={5},
  pages={700--704},
  year={2019},
  publisher={IEEE}
}

@article{EX_LRMR_MOC_2021,
  title={Low-rank matrix recovery with composite optimization: good conditioning and rapid convergence},
  author={Charisopoulos, Vasileios and Chen, Yudong and Davis, Damek and D{\'\i}az, Mateo and Ding, Lijun and Drusvyatskiy, Dmitriy},
  journal={Foundations of Computational Mathematics},
  pages={1--89},
  year={2021},
  publisher={Springer}
}

@INPROCEEDINGS{2004_LR_NPhard,
  author={Fazel, M. and Hindi, H. and Boyd, S.},
  booktitle={Proceedings of the 2004 American Control Conference}, 
  title={Rank minimization and applications in system theory}, 
  year={2004},
  volume={4},
  number={},
  pages={3273-3278 vol.4},
  doi={10.23919/ACC.2004.1384521}
}

@inproceedings{Relax_Rank2NCnorm_2001,
  title={A rank minimization heuristic with application to minimum order system approximation},
  author={Fazel, Maryam and Hindi, Haitham and Boyd, Stephen P},
  booktitle={Proceedings of the 2001 American Control Conference.(Cat. No. 01CH37148)},
  volume={6},
  pages={4734--4739},
  year={2001},
  organization={IEEE}
}

@article{EX_Rank2NCNrom_RPCA_2009,
  title={Robust principal component analysis?},
  author={Cand{\`e}s, Emmanuel J and Li, Xiaodong and Ma, Yi and Wright, John},
  journal={Journal of the ACM (JACM)},
  volume={58},
  number={3},
  pages={1--37},
  year={2011},
  publisher={ACM New York, NY, USA}
}

@phdthesis{LRMMRex2NNM_Phd2002,
  title={Matrix rank minimization with applications},
  author={Fazel, Maryam},
  year={2002},
  school={PhD thesis, Stanford University}
}


@article{LRM_Rex2NNM_SVTAlg_2010,
  title={A singular value thresholding algorithm for matrix completion},
  author={Cai, Jian-Feng and Cand{\`e}s, Emmanuel J and Shen, Zuowei},
  journal={SIAM Journal on optimization},
  volume={20},
  number={4},
  pages={1956--1982},
  year={2010},
  publisher={SIAM}
}

@article{LRM_Rex2NNM_Alg_AISImpute_2019,
  title={Fast and efficient algorithm for matrix completion via closed-form 2/3-thresholding operator},
  author={Wang, Zhi and Wang, Wendong and Wang, Jianjun and Chen, Siqi},
  journal={Neurocomputing},
  volume={330},
  pages={212--222},
  year={2019},
  publisher={Elsevier}
}

@article{NNReg_LST_ACCProx_2010,
  title={An accelerated proximal gradient algorithm for nuclear norm regularized linear least squares problems},
  author={Toh, Kim-Chuan and Yun, Sangwoon},
  journal={Pacific Journal of optimization},
  volume={6},
  number={615-640},
  pages={15},
  year={2010}
}

@article{EX_N02Fnorm_2014,
  title={fLRR: fast low-rank representation using Frobenius-norm},
  author={Zhang, Haixian and Yi, Zhang and Peng, Xi},
  journal={Electronics Letters},
  volume={50},
  number={13},
  pages={936--938},
  year={2014},
  publisher={Wiley Online Library}
}

@article{EX_R02Fnorm_low_2019,
  title={Low-rank approximation via generalized reweighted iterative nuclear and Frobenius norms},
  author={Huang, Yan and Liao, Guisheng and Xiang, Yijian and Zhang, Lei and Li, Jie and Nehorai, Arye},
  journal={IEEE Transactions on Image Processing},
  volume={29},
  pages={2244--2257},
  year={2019},
  publisher={IEEE}
}

@article{review_LRR_2021,
  title={Low rank regularization: A review},
  author={Hu, Zhanxuan and Nie, Feiping and Wang, Rong and Li, Xuelong},
  journal={Neural Networks},
  volume={136},
  pages={218--232},
  year={2021},
  publisher={Elsevier}
}

@article{PSNN_2013,
  title={Partial Sum Minimization of Singular Values in RPCA for Low-Level Vision},
  author={Oh, Tae-Hyun and Kim, Hyeongwoo and Tai, Yu-Wing and Bazin, Jean-Charles and Kweon, In So},
  journal={methods},
  volume={19},
  pages={24},
  year={2013},
  publisher={Citeseer}
}

@article{Relax_NCVX_MC_via_TNN_2012,
  title={Fast and accurate matrix completion via truncated nuclear norm regularization},
  author={Hu, Yao and Zhang, Debing and Ye, Jieping and Li, Xuelong and He, Xiaofei},
  journal={IEEE transactions on pattern analysis and machine intelligence},
  volume={35},
  number={9},
  pages={2117--2130},
  year={2012},
  publisher={IEEE}
}

@article{SpByIRSqYin_SIAM_2013,
  title={Improved iteratively reweighted least squares for unconstrained smoothed $\ell_q$ minimization},
  author={Lai, Ming-Jun and Xu, Yangyang and Yin, Wotao},
  journal={SIAM Journal on Numerical Analysis},
  volume={51},
  number={2},
  pages={927--957},
  year={2013},
  publisher={SIAM}
}

@inproceedings{Relax_NCVX_MC_via_TNNSame2_2012,
  title={Matrix completion by truncated nuclear norm regularization},
  author={Zhang, Debing and Hu, Yao and Ye, Jieping and Li, Xuelong and He, Xiaofei},
  booktitle={2012 IEEE Conference on computer vision and pattern recognition},
  pages={2192--2199},
  year={2012},
  organization={IEEE}
}

@inproceedings{Relax_NCVX_CNN_RPCA_2013,
  title={Robust principal component analysis via capped norms},
  author={Sun, Qian and Xiang, Shuo and Ye, Jieping},
  booktitle={Proceedings of the 19th ACM SIGKDD international conference on Knowledge discovery and data mining},
  pages={311--319},
  year={2013}
}
@article{Relax_CappedNorm_CNN_Discriminant_Analysis_2018,
  title={Robust locally discriminant analysis via capped norm},
  author={Lai, Zhihui and Liu, Ning and Shen, Linlin and Kong, Heng},
  journal={IEEE Access},
  volume={7},
  pages={4641--4652},
  year={2018},
  publisher={IEEE}
}

@inproceedings{NonCvx_RNNM_2014,
  title={Weighted nuclear norm minimization with application to image denoising},
  author={Gu, Shuhang and Zhang, Lei and Zuo, Wangmeng and Feng, Xiangchu},
  booktitle={Proceedings of the IEEE conference on computer vision and pattern recognition},
  pages={2862--2869},
  year={2014}
}





@article{Rex_SCp_MC_2020,
  title={Matrix completion via schatten capped P norm},
  author={Li, Guorui and Guo, Guang and Peng, Sancheng and Wang, Cong and Yu, Shui and Niu, Jianwei and Mo, Jianli},
  journal={IEEE Transactions on Knowledge and Data Engineering},
  year={2020},
  publisher={IEEE}
}

@inproceedings{Rex_AllSgv_gammaNcNorm_2015,
  title={Robust PCA via nonconvex rank approximation},
  author={Kang, Zhao and Peng, Chong and Cheng, Qiang},
  booktitle={2015 IEEE International Conference on Data Mining},
  pages={211--220},
  year={2015},
  organization={IEEE}
}

@article{Rex_Allsgv_Log2008,
  title={Fast sparse regression and classification},
  author={Friedman, Jerome H},
  journal={International Journal of Forecasting},
  volume={28},
  number={3},
  pages={722--738},
  year={2012},
  publisher={Elsevier}
}

@article{Rex_Allsgv_Log2014,
  title={Probabilistic low-rank matrix completion on finite alphabets},
  author={Lafond, Jean and Klopp, Olga and Moulines, Eric and Salmon, Joseph},
  journal={Advances in Neural Information Processing Systems},
  volume={27},
  year={2014}
}

@article{Rex_AllSgv_NCP_ETP_2011, 
  title={A Feasible Nonconvex Relaxation Approach to Feature Selection}, 
  volume={25}, 
  ISSN={2374-3468}, 
  DOI={10.1609/aaai.v25i1.7921}, 
  number={1}, 
  journal={Proceedings of the AAAI Conference on Artificial Intelligence}, 
  publisher={Proceedings of the AAAI Conference on Artificial Intelligence}, 
  author={Gao, Cuixia and Wang, Naiyan and Yu, Qi and Zhang, Zhihua}, 
  year={2011}, 
  pages={356--361}
}

@article{Rex_AllSgv_NCP_Laplace_2008,
  title={Highly Undersampled Magnetic Resonance Image Reconstruction via Homotopic $\ell_{0}$-Minimization},
  author={Trzasko, Joshua and Manduca, Armando},
  journal={IEEE Transactions on Medical imaging},
  volume={28},
  number={1},
  pages={106--121},
  year={2008},
  publisher={IEEE}
}

@article{Rex_AllSgvNCP_MCP_2010,
  title={Nearly unbiased variable selection under minimax concave penalty},
  author={Zhang, Cun-Hui},
  journal={The Annals of statistics},
  volume={38},
  number={2},
  pages={894--942},
  year={2010},
  publisher={Institute of Mathematical Statistics}
}

@article{Rex_AllSgvNcp_SCAD_Variable_Fan2001,
  title={Variable selection via nonconcave penalized likelihood and its oracle properties},
  author={Fan, Jianqing and Li, Runze},
  journal={Journal of the American statistical Association},
  volume={96},
  number={456},
  pages={1348--1360},
  year={2001},
  publisher={Taylor \& Francis}
}

@inproceedings{Rex_ProxAlg_APG_2017,
  title={Efficient Inexact Proximal Gradient Algorithm for Nonconvex Problems},
  author={Yao, Quanming and Kwok, James Tin Yau and Gao, Fei and Chen, Wei and Liu, Tie-yan},
  booktitle={Proceedings of the Twenty-sixth International Joint Conferences on Artifical Intelligence},
  year={2017}
}

@article{ModelID_LLcvgc_L1_2014,
  title={Local linear convergence of Forward--Backward under partial smoothness},
  author={Liang, Jingwei and Fadili, Jalal and Peyr{\'e}, Gabriel},
  journal={Advances in neural information processing systems},
  volume={27},
  year={2014}
}

@article{ModelID_LLcvgc_L1_2017,
  title={Activity identification and local linear convergence of forward--backward-type methods},
  author={Liang, Jingwei and Fadili, Jalal and Peyr{\'e}, Gabriel},
  journal={SIAM Journal on Optimization},
  volume={27},
  number={1},
  pages={408--437},
  year={2017},
  publisher={SIAM}
}

@incollection{ModelID_ProxGD_L1_2011,
  title={Identifying active manifolds in regularization problems},
  author={Hare, Warren L},
  booktitle={Fixed-Point Algorithms for Inverse Problems in Science and Engineering},
  pages={261--271},
  year={2011},
  publisher={Springer}
}

@article{ModelID_PGD_NNCvx_2004,
  title={Identifying active constraints via partial smoothness and prox-regularity},
  author={Hare, Warren L and Lewis, Adrian S},
  journal={Journal of Convex Analysis},
  volume={11},
  number={2},
  pages={251--266},
  year={2004},
  publisher={HELDERMANN VERLAG LANGER GRABEN 17, 32657 LEMGO, GERMANY}
}

@inproceedings{ModelID_LASSO_AccCD_2018,
  title={Celer: a fast solver for the lasso with dual extrapolation},
  author={Massias, Mathurin and Gramfort, Alexandre and Salmon, Joseph},
  booktitle={International Conference on Machine Learning},
  pages={3315--3324},
  year={2018},
  organization={PMLR}
}

@inproceedings{Rex_ProxAlgAPG_2009,
  title={Fast algorithms for recovering a corrupted low-rank matrix},
  author={Ganesh, Arvind and Lin, Zhouchen and Wright, John and Wu, Leqin and Chen, Minming and Ma, Yi},
  booktitle={2009 3rd IEEE International Workshop on Computational Advances in Multi-Sensor Adaptive Processing (CAMSAP)},
  pages={213--216},
  year={2009},
  organization={IEEE}
}

@article{klopfenstein2020model,
  title={Model identification and local linear convergence of coordinate descent},
  author={Klopfenstein, Quentin and Bertrand, Quentin and Gramfort, Alexandre and Salmon, Joseph and Vaiter, Samuel},
  journal={arXiv preprint arXiv:2010.11825},
  year={2020}
}

@article{bertsekas1976goldstein,
  title={On the Goldstein-Levitin-Polyak gradient projection method},
  author={Bertsekas, Dimitri P},
  journal={IEEE Transactions on automatic control},
  volume={21},
  number={2},
  pages={174--184},
  year={1976},
  publisher={IEEE}
}
@article{tibshirani1996regression,
  title={Regression shrinkage and selection via the lasso},
  author={Tibshirani, Robert},
  journal={Journal of the Royal Statistical Society: Series B (Methodological)},
  volume={58},
  number={1},
  pages={267--288},
  year={1996},
  publisher={Wiley Online Library}
}

@article{Rex_ProxAlg_APG_NIPS_2015,
  title={Accelerated proximal gradient methods for nonconvex programming},
  author={Li, Huan and Lin, Zhouchen},
  journal={Advances in neural information processing systems},
  volume={28},
  year={2015}
}

@article{Alg_conflict_AIRNN_2021,
  title={An accelerated IRNN-Iteratively Reweighted Nuclear Norm algorithm for nonconvex nonsmooth low-rank minimization problems},
  author={Phan, Duy Nhat and Nguyen, Thuy Ngoc},
  journal={Journal of Computational and Applied Mathematics},
  volume={396},
  pages={113602},
  year={2021},
  publisher={Elsevier}
}

@article{LRMR_GroupSparse_2019,
  title={Factor group-sparse regularization for efficient low-rank matrix recovery},
  author={Fan, Jicong and Ding, Lijun and Chen, Yudong and Udell, Madeleine},
  journal={Advances in Neural Information Processing Systems},
  volume={32},
  pages={5104--5114},
  year={2019}
}

@inproceedings{LRMR_Sp_2012,
  title={Low-rank matrix recovery via efficient schatten p-norm minimization},
  author={Nie, Feiping and Huang, Heng and Ding, Chris},
  booktitle={Twenty-sixth AAAI conference on artificial intelligence},
  year={2012}
}
@inproceedings{LRMR_WuQiong_2018,
  title={Generalized Low-Rank Matrix Completion via Nonconvex Schatten $ p $-Norm Minimization},
  author={Wu, Qiong and Zhang, Fan and Wang, Hao and Shi, Yuanming},
  booktitle={2018 IEEE 88th Vehicular Technology Conference (VTC-Fall)},
  pages={1--5},
  year={2018},
  organization={IEEE}
}

@inproceedings{Alg_R022Norm_WFNM_2014,
  title={Beamformer design for interference alignment using reweighted frobenius norm minimization},
  author={Sridharan, Gokul and Yu, Wei},
  booktitle={2014 IEEE 15th International Workshop on Signal Processing Advances in Wireless Communications (SPAWC)},
  pages={469--473},
  year={2014},
  organization={IEEE}
}


@article{Alg_R02_1and2_IRMxNE_2016, 
  title={The Iterative Reweighted Mixed-Norm Estimate for Spatio-Temporal MEG/EEG Source Reconstruction}, 
  volume={35}, 
  ISSN={0278-0062}, 
  DOI={10.1109/tmi.2016.2553445}, 
  number={10}, 
  journal={IEEE Transactions on Medical Imaging}, 
  publisher={IEEE Transactions on Medical Imaging}, 
  author={Strohmeier, Daniel and Bekhti, Yousra and Haueisen, Jens and Gramfort, Alexandre}, 
  year={2016}, 
  pages={2218-2228}
}

@misc{partial_Sp_2020,
  title={A novel variational form of the Schatten-$p$ quasi-norm}, 
  author={Paris Giampouras and Ren√© Vidal and Athanasios Rontogiannis and Benjamin Haeffele},
  year={2020},
  eprint={2010.13927},
  archivePrefix={arXiv},
  primaryClass={math.NA}
}



@article{opt_simu_svd_2017,
  title={Convergence of proximal iteratively reweighted nuclear norm algorithm for image processing},
  author={Sun, Tao and Jiang, Hao and Cheng, Lizhi},
  journal={IEEE Transactions on Image Processing},
  volume={26},
  number={12},
  pages={5632--5644},
  year={2017},
  publisher={IEEE}
}
@article{zenghao_lp2l1_adaEps_paper1,
  title={Relating $\ell_{p}$ regularization and reweighted $\ell_{1}$ regularization},
  author={Wang, Hao and Zeng, Hao and Wang, Jiashan and Wu, Qiong},
  journal={Optimization Letters},
  volume={15},
  number={8},
  pages={2639--2660},
  year={2021},
  publisher={Springer}
}

@article{beck2009fast,
  title={A fast iterative shrinkage-thresholding algorithm for linear inverse problems},
  author={Beck, Amir and Teboulle, Marc},
  journal={SIAM journal on imaging sciences},
  volume={2},
  number={1},
  pages={183--202},
  year={2009},
  publisher={SIAM}
}


@article{partial_p_YXY,
  title={Towards an efficient approach for the nonconvex lp ball projection: algorithm and analysis},
  author={Yang, Xiangyu and Wang, Jiashan and Wang, Hao},
  journal={Journal of Machine Learning Research},
  volume={23},
  number={101},
  pages={1--31},
  year={2022}
}

@article{KL_namiflod_2021,
  title={Nonlinear matrix recovery using optimization on the Grassmann manifold},
  author={Goyens, Florentin and Cartis, Coralia and Eftekhari, Armin},
  journal={arXiv preprint arXiv:2109.06095},
  year={2021}
}

@article{li2018calculus,
  title={Calculus of the exponent of Kurdyka--{\L}ojasiewicz inequality and its applications to linear convergence of first-order methods},
  author={Li, Guoyin and Pong, Ting Kei},
  journal={Foundations of computational mathematics},
  volume={18},
  number={5},
  pages={1199--1232},
  year={2018},
  publisher={Springer}
}

@article{KL_semi_algebraic,
  title={A block coordinate descent method for regularized multiconvex optimization with applications to nonnegative tensor factorization and completion},
  author={Xu, Yangyang and Yin, Wotao},
  journal={SIAM Journal on imaging sciences},
  volume={6},
  number={3},
  pages={1758--1789},
  year={2013},
  publisher={SIAM}
}

@article{KL_p_norm,
  title={Low-Rank Matrix Recovery via Modified Schatten-$ p $ Norm Minimization With Convergence Guarantees},
  author={Zhang, Hengmin and Qian, Jianjun and Zhang, Bob and Yang, Jian and Gong, Chen and Wei, Yang},
  journal={IEEE Transactions on Image Processing},
  volume={29},
  pages={3132--3142},
  year={2019},
  publisher={IEEE}
}


@article{NA_sgv_1,
  title={Nonsmooth analysis of singular values. Part I: Theory},
  author={Lewis, Adrian S and Sendov, Hristo S},
  journal={Set-Valued Analysis},
  volume={13},
  number={3},
  pages={213--241},
  year={2005},
  publisher={Springer}
}

@article{NA_sgv_2,
  title={Nonsmooth analysis of singular values. Part II: Applications},
  author={Lewis, Adrian S and Sendov, Hristo S},
  journal={Set-Valued Analysis},
  volume={13},
  number={3},
  pages={243--264},
  year={2005},
  publisher={Springer}
}

@article{general_svd_dec,
  title={Generalizing the singular value decomposition},
  author={Van Loan, Charles F},
  journal={SIAM Journal on numerical Analysis},
  volume={13},
  number={1},
  pages={76--83},
  year={1976},
  publisher={SIAM}
}

@article{cvgc_rate_KL_NoAcc,
  title={On the convergence of the proximal algorithm for nonsmooth functions involving analytic features},
  author={Attouch, Hedy and Bolte, J{\'e}r{\^o}me},
  journal={Mathematical Programming},
  volume={116},
  number={1},
  pages={5--16},
  year={2009},
  publisher={Springer}
}

@book{wzw_opt,
  title     = "Optimization: Modeling, Algorithm and Theory (in Chinese)",
  author    = "Liu, Haoyang and Hu, Jiang and Li, Yongfeng and Wen, Zaiwen",
  year      = 1988,
  publisher = "Higher Education Press",
  address   = "Beijing"
}

@phdthesis{KL_definition_Hilbert,
  title={Descent dynamical systems and algorithms for tame optimization, and multi-objective problems},
  author={Garrigos, Guillaume},
  journal={HAL},
  volume={2015},
  year={2015}
}

@inproceedings{2012_MC_NPhard,
  title={Robust matrix completion via joint schatten p-norm and lp-norm minimization},
  author={Nie, Feiping and Wang, Hua and Cai, Xiao and Huang, Heng and Ding, Chris},
  booktitle={2012 IEEE 12th International Conference on Data Mining},
  pages={566--574},
  year={2012},
  organization={IEEE}
}


@article{lee2016llorma,
  title={LLORMA: Local Low-Rank Matrix Approximation},
  author={Lee, Joonseok and Kim, Seungyeon},
  journal={Journal of Machine Learning Research},
  volume={17},
  pages={1--24},
  year={2016}
}

@article{attouch2009convergence,
  title={On the convergence of the proximal algorithm for nonsmooth functions involving analytic features},
  author={Attouch, Hedy and Bolte, J{\'e}r{\^o}me},
  journal={Mathematical Programming},
  volume={116},
  pages={5--16},
  year={2009},
  publisher={Springer}
}

@article{Intro_wen2018_survey,
  title={A survey on nonconvex regularization-based sparse and low-rank recovery in signal processing, statistics, and machine learning},
  author={Wen, Fei and Chu, Lei and Liu, Peilin and Qiu, Robert C},
  journal={IEEE Access},
  volume={6},
  pages={69883--69906},
  year={2018},
  publisher={IEEE}
}

@inproceedings{ge_nn_LRMM_Canyi_2014,
  title={Generalized nonconvex nonsmooth low-rank minimization},
  author={Lu, Canyi and Tang, Jinhui and Yan, Shuicheng and Lin, Zhouchen},
  booktitle={Proceedings of the IEEE conference on computer vision and pattern recognition},
  pages={4130--4137},
  year={2014}
}

@inproceedings{ge_GSVT_LRMM_Canyi_2015,
  title={Generalized singular value thresholding},
  author={Lu, Canyi and Zhu, Changbo and Xu, Chunyan and Yan, Shuicheng and Lin, Zhouchen},
  booktitle={Proceedings of the AAAI Conference on Artificial Intelligence},
  volume={29},
  number={1},
  year={2015}
}

@article{Intro_2018LRMCLiear,
  author={Chen, Yudong and Chi, Yuejie},
  journal={IEEE Signal Processing Magazine}, 
  title={Harnessing Structures in Big Data via Guaranteed Low-Rank Matrix Estimation: Recent Theory and Fast Algorithms via Convex and Nonconvex Optimization}, 
  year={2018},
  volume={35},
  number={4},
  pages={14-31},
  doi={10.1109/MSP.2018.2821706}
}

@article{Zeng_Acc_2022,
  title={An extrapolated iteratively reweighted $\ell_1$ method with complexity analysis},
  author={Wang, Hao and Zeng, Hao and Wang, Jiashan},
  journal={Computational Optimization and Applications},
  volume={83},
  number={3},
  pages={967--997},
  year={2022},
  publisher={Springer}
}


@article{intro_TK2019,
  title={Iteratively reweighted $\ell_1$ algorithms with extrapolation},
  author={Yu, Peiran and Pong, Ting Kei},
  journal={Computational Optimization and Applications},
  volume={73},
  number={2},
  pages={353--386},
  year={2019},
  publisher={Springer}
}
@inproceedings{nesterov1983method,
  title={A method for solving the convex programming problem with convergence rate $O(1/k^{2})$},
  author={Nesterov, Yurii E},
  booktitle={Dokl. akad. nauk Sssr},
  volume={269},
  pages={543--547},
  year={1983}
}

@article{ExpCriterion_2010,
  title={Guaranteed minimum-rank solutions of linear matrix equations via nuclear norm minimization},
  author={Recht, Benjamin and Fazel, Maryam and Parrilo, Pablo A},
  journal={SIAM review},
  volume={52},
  number={3},
  pages={471--501},
  year={2010},
  publisher={SIAM}
}


@article{sp1_2021_PSNR,
  title={Performance guarantees of transformed Schatten-1 regularization for exact low-rank matrix recovery},
  author={Wang, Zhi and Hu, Dong and Luo, Xiaohu and Wang, Wendong and Wang, Jianjun and Chen, Wu},
  journal={International Journal of Machine Learning and Cybernetics},
  volume={12},
  number={12},
  pages={3379--3395},
  year={2021},
  publisher={Springer}
}

@article{VonIneq_1993_origin,
title = {A trace inequality with a subtracted term},
journal = {Linear Algebra and its Applications},
volume = {185},
pages = {165-172},
year = {1993},
issn = {0024-3795},
doi = {https://doi.org/10.1016/0024-3795(93)90211-6},
url = {https://www.sciencedirect.com/science/article/pii/0024379593902116},
author = {H. Miranda and Robert C. Thompson}
}

@article{VonIneq_ScpOP_2019,
  title={Von Neumann Type of Trace Inequalities for Schatten-Class Operators},
  author={Dirr, Gunther and Ende, Frederik vom},
  journal={arXiv preprint arXiv:1906.00758},
  year={2019}
}


%%%%%%%%%%%%%%%%%%%%%%%%%%
@article{fSVD_2005,
  title={Singular value decomposition tutorial},
  author={Baker, Kirk},
  journal={The Ohio State University},
  volume={24},
  year={2005}
}
@article{ExpCriterion_2009,
  title={Exact matrix completion via convex optimization},
  author={Cand{\`e}s, Emmanuel J and Recht, Benjamin},
  journal={Foundations of Computational mathematics},
  volume={9},
  number={6},
  pages={717--772},
  year={2009},
  publisher={Springer}
}

@article{IRSVM_LuZhaoSong_2014,
  title={Iterative reweighted singular value minimization methods for $\ell_{p}$ regularized unconstrained matrix minimization},
  author={Lu, Zhaosong and Zhang, Yong},
  journal={arXiv preprint arXiv:1401.0869},
  year={2014}
}